<record><leader>01529nam a2200397 i 4500</leader><controlfield tag="001">6668264</controlfield><controlfield tag="003">OCoLC</controlfield><controlfield tag="005">20140811160529.0</controlfield><controlfield tag="008">130930s2015    caua     b    001 0 eng  </controlfield><datafield ind1=" " ind2=" " tag="010"><subfield code="a">  2013039087</subfield></datafield><datafield ind1="7" ind2=" " tag="016"><subfield code="a">016649990</subfield><subfield code="2">Uk</subfield></datafield><datafield ind1=" " ind2=" " tag="020"><subfield code="a">9781452282152 (pbk. : alk. paper)</subfield></datafield><datafield ind1=" " ind2=" " tag="020"><subfield code="a">1452282153 (pbk. : alk. paper)</subfield></datafield><datafield ind1=" " ind2=" " tag="035"><subfield code="a">ocn858660281</subfield></datafield><datafield ind1=" " ind2=" " tag="040"><subfield code="a">DLC</subfield><subfield code="e">rda</subfield><subfield code="b">eng</subfield><subfield code="c">DLC</subfield><subfield code="d">YDX</subfield><subfield code="d">YDXCP</subfield><subfield code="d">BTCTA</subfield><subfield code="d">OCLCO</subfield><subfield code="d">BDX</subfield><subfield code="d">UKMGB</subfield><subfield code="d">DEBBG</subfield><subfield code="d">UAB</subfield></datafield><datafield ind1=" " ind2=" " tag="042"><subfield code="a">pcc</subfield></datafield><datafield ind1="0" ind2="0" tag="050"><subfield code="a">HD30.28</subfield><subfield code="b">.V347 2015</subfield></datafield><datafield ind1="0" ind2="0" tag="082"><subfield code="a">658.4/012</subfield><subfield code="2">23</subfield></datafield><datafield ind1=" " ind2=" " tag="084"><subfield code="a">QP 360</subfield><subfield code="2">rvk</subfield></datafield><datafield ind1=" " ind2=" " tag="090"><subfield code="a">HD 30.28 V347 2015</subfield><subfield code="b">AEU</subfield></datafield><datafield ind1=" " ind2=" " tag="090"><subfield code="a">HD30.28 .V347 2015</subfield><subfield code="b">AEGMCT</subfield></datafield><datafield ind1="1" ind2=" " tag="100"><subfield code="a">Valentin, Erhard K.,</subfield><subfield code="e">author.</subfield></datafield><datafield ind1="1" ind2="0" tag="245"><subfield code="a">Business planning and market strategy /</subfield><subfield code="c">E.K. Valentin (Weber State University).</subfield></datafield><datafield ind1="3" ind2="4" tag="246"><subfield code="a">Business planning &amp; market strategy</subfield></datafield><datafield ind1=" " ind2="1" tag="264"><subfield code="a">Thousand Oaks, California :</subfield><subfield code="b">SAGE Publications, Inc.,</subfield><subfield code="c">[2015]</subfield></datafield><datafield ind1=" " ind2=" " tag="300"><subfield code="a">xiv, 254 pages :</subfield><subfield code="b">illustrations ;</subfield><subfield code="c">24 cm</subfield></datafield><datafield ind1=" " ind2=" " tag="336"><subfield code="a">text</subfield><subfield code="2">rdacontent</subfield></datafield><datafield ind1=" " ind2=" " tag="337"><subfield code="a">unmediated</subfield><subfield code="2">rdamedia</subfield></datafield><datafield ind1=" " ind2=" " tag="338"><subfield code="a">volume</subfield><subfield code="2">rdacarrier</subfield></datafield><datafield ind1=" " ind2=" " tag="504"><subfield code="a">Includes bibliographical references and index.</subfield></datafield><datafield ind1=" " ind2=" " tag="596"><subfield code="a">29 43</subfield></datafield><datafield ind1=" " ind2="0" tag="650"><subfield code="a">Business planning.</subfield></datafield><datafield ind1=" " ind2="0" tag="650"><subfield code="a">Strategic planning.</subfield></datafield><datafield ind1=" " ind2=" " tag="949"><subfield code="a">HD 30.28 V347 2015</subfield><subfield code="c">1</subfield><subfield code="h">UAHS-B</subfield><subfield code="i">0162035137577</subfield></datafield><datafield ind1=" " ind2=" " tag="926"><subfield code="a">HD 30.28 V347 2015</subfield><subfield code="w">LC</subfield><subfield code="c">1</subfield><subfield code="i">0162035137577</subfield><subfield code="d">11/17/2016</subfield><subfield code="e">10/17/2016</subfield><subfield code="l">ON_SHELF</subfield><subfield code="m">UAHSS</subfield><subfield code="p">$150.00</subfield><subfield code="r">Y</subfield><subfield code="s">Y</subfield><subfield code="t">BOOK</subfield><subfield code="u">9/2/2014</subfield></datafield><datafield ind1=" " ind2=" " tag="926"><subfield code="a">HD30.28 .V347 2015</subfield><subfield code="w">LC</subfield><subfield code="c">1</subfield><subfield code="i">1007417254</subfield><subfield code="d">10/28/2016</subfield><subfield code="e">12/21/2014</subfield><subfield code="l">ON_SHELF</subfield><subfield code="m">GR_MACEWAN</subfield><subfield code="n">3</subfield><subfield code="p">$74.70</subfield><subfield code="r">Y</subfield><subfield code="s">Y</subfield><subfield code="t">BOOK</subfield><subfield code="u">11/12/2014</subfield></datafield></record>